%% This BibTeX bibliography file was created using BibDesk.
%% http://bibdesk.sourceforge.net/


%% Created for Laura Humphrey at 2020-01-16 15:36:21 -0500 


%% Saved with string encoding Unicode (UTF-8) 



@article{moy2019climbing,
  title={Climbing the software assurance ladder-practical formal verification for reliable software},
  author={Moy, Yannick},
  journal={Electronic Communications of the EASST},
  volume={76},
  year={2019}}

@article{hoang2015spark,
	Author = {Hoang, Duc and Moy, Yannick and Wallenburg, Angela and Chapman, Roderick},
	Journal = {Int. J. Software Tools for Technology Transfer},
	Number = {6},
	Pages = {695--707},
	Publisher = {Springer},
	Title = {{SPARK} 2014 and {GNATprove}},
	Volume = {17},
	Year = {2015}}

@inproceedings{jobstmann2007anzu,
	Author = {Jobstmann, Barbara and Galler, Stefan and Weiglhofer, Martin and Bloem, Roderick},
	Booktitle = {Int. Conf. Computer Aided Verification (CAV)},
	Organization = {Springer},
	Pages = {258--262},
	Title = {Anzu: A tool for property synthesis},
	Year = {2007}}

@inproceedings{finucane2010ltlmop,
	Author = {Finucane, Cameron and Jing, Gangyuan and Kress-Gazit, Hadas},
	Booktitle = {IEEE/RSJ Int. Conf. Intelligent Robots and Systems (IROS)},
	Organization = {IEEE},
	Pages = {1988--1993},
	Title = {{LTLMoP}: Experimenting with language, temporal logic and robot control},
	Year = {2010}}

@inproceedings{kupermann2001synthesizing,
	Author = {Kupermann, Orna and Vardi, MY},
	Booktitle = {IEEE Symp. Logic in Computer Science},
	Organization = {IEEE},
	Pages = {389--398},
	Title = {Synthesizing distributed systems},
	Year = {2001}}

@inproceedings{guo2014cooperative,
	Author = {Guo, Meng and Tumova, Jana and Dimarogonas, Dimos V},
	Booktitle = {IEEE Conf. Decision and Control (CDC)},
	Organization = {IEEE},
	Pages = {75--80},
	Title = {Cooperative decentralized multi-agent control under local {LTL} tasks and connectivity constraints},
	Year = {2014}}

@inproceedings{alur2016compositional,
	Author = {Alur, Rajeev and Moarref, Salar and Topcu, Ufuk},
	Booktitle = {Int. Conf. Computer Aided Verification (CAV)},
	Organization = {Springer},
	Pages = {251--269},
	Title = {Compositional synthesis of reactive controllers for multi-agent systems},
	Year = {2016}}

@article{fisher2013verifying,
	Author = {Fisher, Michael and Dennis, Louise and Webster, Matt},
	Journal = {Communications of the ACM},
	Number = {9},
	Pages = {84--93},
	Publisher = {ACM},
	Title = {Verifying autonomous systems},
	Volume = {56},
	Year = {2013}}

@article{kress2011correct,
	Author = {Kress-Gazit, Hadas and Wongpiromsarn, Tichakorn and Topcu, Ufuk},
	Journal = {IEEE Robotics \& Automation Magazine},
	Number = {3},
	Pages = {65--74},
	Publisher = {IEEE},
	Title = {Correct, reactive, high-level robot control},
	Volume = {18},
	Year = {2011}}

@article{fisher1997formal,
	Author = {Fisher, Michael and Wooldridge, Michael},
	Journal = {Int. J. Cooperative Information Systems},
	Number = {01},
	Pages = {37--65},
	Publisher = {World Scientific},
	Title = {On the formal specification and verification of multi-agent systems},
	Volume = {6},
	Year = {1997}}

@article{clarke1996formal,
	Author = {Clarke, Edmund M and Wing, Jeannette M},
	Journal = {ACM Computing Surveys (CSUR)},
	Number = {4},
	Pages = {626--643},
	Publisher = {ACM},
	Title = {Formal methods: State of the art and future directions},
	Volume = {28},
	Year = {1996}}

@inproceedings{raman2012temporal,
	Author = {Raman, Vasumathi and Finucane, Cameron and Kress-Gazit, Hadas},
	Booktitle = {IEEE/RSJ Int. Conf. Intelligent Robots and Systems (IROS)},
	Organization = {IEEE},
	Title = {Temporal logic robot mission planning for slow and fast actions},
	Year = {2012}}

@inproceedings{uxas2018,
	Author = {Rasmussen, Steven and Kingston, Derek and Humphrey, Laura},
	Booktitle = {IEEE Int. Conf. on Unmanned Aircraft Systems (ICUAS)},
	Publisher = {IEEE},
	Title = {A Brief Introduction to {U}nmanned {S}ystems {A}utonomy {S}ervices ({UxAS})},
	Year = {2018}}

@inproceedings{elliott2019salty,
	Author = {Elliott, Trevor and Alshiekh, Mohammed and Humphrey, Laura R and Pike, Lee and Topcu, Ufuk},
	Booktitle = {2019 Int. Conf. Robotics and Automation (ICRA)},
	Date-Modified = {2020-01-16 15:35:43 -0500},
	Organization = {IEEE},
	Pages = {4545--4551},
	Title = {Salty--A Domain Specific Language for {GR}(1) Specifications and Designs},
	Year = {2019}}

@inproceedings{kingston2016automated,
	Author = {Kingston, Derek and Rasmussen, Steven and Humphrey, Laura},
	Booktitle = {IEEE Conf. Control Applications (CCA)},
	Organization = {IEEE},
	Title = {Automated {UAV} tasks for search and surveillance},
	Year = {2016}}

@inproceedings{bloem2010ratsy,
	Author = {Bloem, Roderick and Cimatti, Alessandro and Greimel, Karin and Hofferek, Georg and K{\"o}nighofer, Robert and Roveri, Marco and Schuppan, Viktor and Seeber, Richard},
	Booktitle = {Int. Conf. Computer Aided Verification (CAV)},
	Organization = {Springer},
	Title = {{RATSY}--a new requirements analysis tool with synthesis},
	Year = {2010}}

@inproceedings{amase2009,
	Author = {Duquette, Matt},
	Booktitle = {AIAA Modeling and Simulation Technologies Conf.},
	Organization = {AIAA},
	Title = {Effects-level models for {UAV} simulation},
	Year = {2009}}

@incollection{Ehlers2016,
	Author = {Ehlers, R{\"u}diger and Raman, Vasumathi},
	Booktitle = {Int. Conf. Computer Aided Verification (CAV)},
	Date-Modified = {2020-01-16 15:35:52 -0500},
	Pages = {333--339},
	Publisher = {Springer},
	Title = {Slugs: Extensible {GR(1)} Synthesis},
	Year = {2016}}

@inproceedings{TuLiP2011,
	Author = {Wongpiromsarn, Tichakorn and Topcu, Ufuk and Ozay, Necmiye and Xu, Huan and Murray, Richard M.},
	Booktitle = {Int. Conf. Hybrid Systems: Computation and Control},
	Numpages = {2},
	Pages = {313--314},
	Publisher = {ACM},
	Series = {HSCC '11},
	Title = {{TuLiP}: A Software Toolbox for Receding Horizon Temporal Logic Planning},
	Year = {2011}}

@inproceedings{DamasMilner,
	Author = {Damas, Luis and Milner, Robin},
	Booktitle = {ACM SIGPLAN-SIGACT Symp. Principles of Programming Languages},
	Numpages = {6},
	Pages = {207--212},
	Publisher = {ACM},
	Series = {POPL '82},
	Title = {Principal Type-schemes for Functional Programs},
	Year = {1982}}

@inproceedings{Ehlers2014LowEffortSD,
	Author = {R\"{u}diger Ehlers and Vasumathi Raman},
	Booktitle = {SYNT},
	Title = {Low-Effort Specification Debugging and Analysis},
	Year = {2014}}

@incollection{deMoura2008,
	Address = {Berlin, Heidelberg},
	Author = {de Moura, Leonardo and Bj{\o}rner, Nikolaj},
	Booktitle = {Int. Conf. Tools and Algorithms for the Construction and Analysis of Systems (TACAS)},
	Editor = {Ramakrishnan, C. R. and Rehof, Jakob},
	Pages = {337--340},
	Publisher = {Springer Berlin Heidelberg},
	Title = {{Z3}: An Efficient {SMT} Solver},
	Year = {2008}}

@inproceedings{gr1-ltl-patterns,
	Author = {Maoz, Shahar and Ringert, Jan Oliver},
	Booktitle = {Joint Meeting on Foundations of Software Engineering (ESEC/FSE)},
	Numpages = {11},
	Pages = {96--106},
	Publisher = {ACM},
	Title = {{GR(1)} Synthesis for {LTL} Specification Patterns},
	Year = {2015}}

@inproceedings{Dwyer99,
	Author = {Dwyer, Matthew B. and Avrunin, George S. and Corbett, James C.},
	Booktitle = {Int. Conf. Software Engineering (ICSE)},
	Location = {Los Angeles, California, USA},
	Numpages = {10},
	Pages = {411--420},
	Publisher = {ACM},
	Title = {Patterns in Property Specifications for Finite-state Verification},
	Year = {1999}}

@article{Landin66,
	Author = {Landin, P. J.},
	Issue_Date = {March 1966},
	Journal = {Commun. ACM},
	Month = mar,
	Number = {3},
	Numpages = {10},
	Pages = {157--166},
	Title = {The Next 700 Programming Languages},
	Volume = {9},
	Year = {1966}}

@inproceedings{apker2016,
	Author = {Apker, Thomas B. and Johnson, Benjamin and Humphrey, Laura R.},
	Booktitle = {AIAA Infotech@Aerospace},
	Publisher = {AIAA},
	Title = {{LTL} Templates for Play-Calling Supervisory Control},
	Year = {2016}}

@inproceedings{kress2007s,
	Author = {Kress-Gazit, Hadas and Fainekos, Georgios E and Pappas, George J},
	Booktitle = {IEEE Int. Conf. Robotics and Automation (ICRA)},
	Organization = {IEEE},
	Pages = {3116--3121},
	Title = {Where's {W}aldo? {S}ensor-based temporal logic motion planning},
	Year = {2007}}

@article{bloem2012,
	Author = {Bloem, R. and Jobstmann, B. and Piterman, N. and Pnueli, A. and S. Yaniv},
	Journal = {J. Computer and System Sciences},
	Number = {3},
	Pages = {911--938},
	Title = {Synthesis of {R}eactive(1) designs},
	Volume = {78},
	Year = {2012}}

@inproceedings{wang2013automated,
	Author = {Wang, Anduo and Moarref, Salar and Loo, Boon Thau and Topcu, Ufuk and Scedrov, Andre},
	Booktitle = {IEEE Int. Conf. Network Protocols (ICNP)},
	Organization = {IEEE},
	Pages = {1--6},
	Title = {Automated synthesis of reactive controllers for software-defined networks},
	Year = {2013}}

@inproceedings{ehlers2012symbolically,
	Author = {Ehlers, R{\"u}diger and K{\"o}nighofer, Robert and Hofferek, Georg},
	Booktitle = {IEEE Formal Methods in Computer-Aided Design (FMCAD)},
	Organization = {IEEE},
	Pages = {91--100},
	Title = {Symbolically synthesizing small circuits},
	Year = {2012}}

@inproceedings{xu2012case,
	Author = {Xu, Huan and Topcu, Ufuk and Murray, Richard M},
	Booktitle = {IEEE Conf. Decision and Control (CDC)},
	Organization = {IEEE},
	Pages = {1124--1129},
	Title = {A case study on reactive protocols for aircraft electric power distribution},
	Year = {2012}}

@article{fainekos2009temporal,
	Author = {Fainekos, Georgios E and Girard, Antoine and Kress-Gazit, Hadas and Pappas, George J},
	Journal = {Automatica},
	Number = {2},
	Pages = {343--352},
	Publisher = {Elsevier},
	Title = {Temporal logic motion planning for dynamic robots},
	Volume = {45},
	Year = {2009}}

@inproceedings{klein2009sel4,
	Author = {Klein, Gerwin and Elphinstone, Kevin and Heiser, Gernot and Andronick, June and Cock, David and Derrin, Philip and Elkaduwe, Dhammika and Engelhardt, Kai and Kolanski, Rafal and Norrish, Michael and others},
	Booktitle = {ACM SIGOPS 22nd Symp. on Operating systems principles},
	Organization = {ACM},
	Pages = {207--220},
	Title = {seL4: Formal verification of an {OS} kernel},
	Year = {2009}}

@book{mccormick2015building,
	Author = {McCormick, John W and Chapin, Peter C},
	Publisher = {Cambridge University Press},
	Title = {Building high integrity applications with SPARK},
	Year = {2015}}
