@article{hoang2015spark,
  title={{SPARK} 2014 and {GNATprove}},
  author={Hoang, Duc and Moy, Yannick and Wallenburg, Angela and Chapman, Roderick},
  journal={Int. J.  Software Tools for Technology Transfer},
  volume={17},
  number={6},
  pages={695--707},
  year={2015},
  publisher={Springer}
}

@inproceedings{jobstmann2007anzu,
  title={Anzu: A tool for property synthesis},
  author={Jobstmann, Barbara and Galler, Stefan and Weiglhofer, Martin and Bloem, Roderick},
  booktitle={Int. Conf. Computer Aided Verification (CAV)},
  pages={258--262},
  year={2007},
  organization={Springer}
}

@inproceedings{finucane2010ltlmop,
  title={{LTLMoP}: Experimenting with language, temporal logic and robot control},
  author={Finucane, Cameron and Jing, Gangyuan and Kress-Gazit, Hadas},
  booktitle={IEEE/RSJ Int. Conf. Intelligent Robots and Systems (IROS)},
  pages={1988--1993},
  year={2010},
  organization={IEEE}
}

@inproceedings{kupermann2001synthesizing,
  title={Synthesizing distributed systems},
  author={Kupermann, Orna and Vardi, MY},
  booktitle={IEEE Symp. Logic in Computer Science},
  pages={389--398},
  year={2001},
  organization={IEEE}
}

@inproceedings{guo2014cooperative,
  title={Cooperative decentralized multi-agent control under local {LTL} tasks and connectivity constraints},
  author={Guo, Meng and Tumova, Jana and Dimarogonas, Dimos V},
  booktitle={IEEE Conf. Decision and Control (CDC)},
  pages={75--80},
  year={2014},
  organization={IEEE}
}

@inproceedings{alur2016compositional,
  title={Compositional synthesis of reactive controllers for multi-agent systems},
  author={Alur, Rajeev and Moarref, Salar and Topcu, Ufuk},
  booktitle={Int. Conf. Computer Aided Verification (CAV)},
  pages={251--269},
  year={2016},
  organization={Springer}
}

@article{fisher2013verifying,
  title={Verifying autonomous systems},
  author={Fisher, Michael and Dennis, Louise and Webster, Matt},
  journal={Communications of the ACM},
  volume={56},
  number={9},
  pages={84--93},
  year={2013},
  publisher={ACM}
}

@article{kress2011correct,
  title={Correct, reactive, high-level robot control},
  author={Kress-Gazit, Hadas and Wongpiromsarn, Tichakorn and Topcu, Ufuk},
  journal={IEEE Robotics \& Automation Magazine},
  volume={18},
  number={3},
  pages={65--74},
  year={2011},
  publisher={IEEE}
}

@article{fisher1997formal,
  title={On the formal specification and verification of multi-agent systems},
  author={Fisher, Michael and Wooldridge, Michael},
  journal={Int. J. Cooperative Information Systems},
  volume={6},
  number={01},
  pages={37--65},
  year={1997},
  publisher={World Scientific}
}

@article{clarke1996formal,
  title={Formal methods: State of the art and future directions},
  author={Clarke, Edmund M and Wing, Jeannette M},
  journal={ACM Computing Surveys (CSUR)},
  volume={28},
  number={4},
  pages={626--643},
  year={1996},
  publisher={ACM}
}

@inproceedings{raman2012temporal,
  title={Temporal logic robot mission planning for slow and fast actions},
  author={Raman, Vasumathi and Finucane, Cameron and Kress-Gazit, Hadas},
  booktitle={IEEE/RSJ Int. Conf. Intelligent Robots and Systems (IROS)},
  year={2012},
  organization={IEEE}
}

@inproceedings{uxas2018,
author = {Rasmussen, Steven and Kingston, Derek and Humphrey, Laura},
title = {A Brief Introduction to {U}nmanned {S}ystems {A}utonomy {S}ervices ({UxAS})},
booktitle = {IEEE Int. Conf. on Unmanned Aircraft Systems (ICUAS)},
year = {2018},
publisher = {IEEE}
}

@inproceedings{elliott2019salty,
  title={Salty-A Domain Specific Language for {GR}(1) Specifications and Designs},
  author={Elliott, Trevor and Alshiekh, Mohammed and Humphrey, Laura R and Pike, Lee and Topcu, Ufuk},
  booktitle={2019 Int. Conf. Robotics and Automation (ICRA)},
  pages={4545--4551},
  year={2019},
  organization={IEEE}
}

@inproceedings{kingston2016automated,
  title={Automated {UAV} tasks for search and surveillance},
  author={Kingston, Derek and Rasmussen, Steven and Humphrey, Laura},
  booktitle={IEEE Conf. Control Applications (CCA)},
  year={2016},
  organization={IEEE}
}

@inproceedings{bloem2010ratsy,
  title={{RATSY}--a new requirements analysis tool with synthesis},
  author={Bloem, Roderick and Cimatti, Alessandro and Greimel, Karin and Hofferek, Georg and K{\"o}nighofer, Robert and Roveri, Marco and Schuppan, Viktor and Seeber, Richard},
  booktitle={Int. Conf. Computer Aided Verification (CAV)},
  year={2010},
  organization={Springer}
}

@inproceedings{amase2009,
  title={Effects-level models for {UAV} simulation},
  author={Duquette, Matt},
  booktitle={AIAA Modeling and Simulation Technologies Conf.},
  year={2009},
  organization={AIAA}
}

@incollection{Ehlers2016,
author="Ehlers, R{\"u}diger and Raman, Vasumathi",
title="Slugs: Extensible {GR(1)} Synthesis",
booktitle="Int. Conf. Computer Aided Verification (CAV)",
year="2016",
pages="333--339"
}

@inproceedings{TuLiP2011,
author = {Wongpiromsarn, Tichakorn and Topcu, Ufuk and Ozay, Necmiye and Xu, Huan and Murray, Richard M.},
title = {{TuLiP}: A Software Toolbox for Receding Horizon Temporal Logic Planning},
booktitle = {Int. Conf. Hybrid Systems: Computation and Control},
series = {HSCC '11},
year = {2011},
pages = {313--314},
numpages = {2},
publisher = {ACM}
} 

@inproceedings{DamasMilner,
 author = {Damas, Luis and Milner, Robin},
 title = {Principal Type-schemes for Functional Programs},
 booktitle = {ACM SIGPLAN-SIGACT Symp. Principles of Programming Languages},
 series = {POPL '82},
 year = {1982},
 pages = {207--212},
 numpages = {6},
 publisher = {ACM}
}

@inproceedings{Ehlers2014LowEffortSD,
  title={Low-Effort Specification Debugging and Analysis},
  author={R\"{u}diger Ehlers and Vasumathi Raman},
  booktitle={SYNT},
  year={2014}
}

@incollection{deMoura2008,
  author="de Moura, Leonardo
  and Bj{\o}rner, Nikolaj",
  editor="Ramakrishnan, C. R.
  and Rehof, Jakob",
  title="{Z3}: An Efficient {SMT} Solver",
  bookTitle="Int. Conf. Tools and Algorithms for the Construction and Analysis of Systems (TACAS)",
  year="2008",
  publisher="Springer Berlin Heidelberg",
  address="Berlin, Heidelberg",
  pages="337--340"
}

@inproceedings{gr1-ltl-patterns,
 author = {Maoz, Shahar and Ringert, Jan Oliver},
 title = {{GR(1)} Synthesis for {LTL} Specification Patterns},
 booktitle = {Joint Meeting on Foundations of Software Engineering (ESEC/FSE)},
 year = {2015},
 pages = {96--106},
 numpages = {11},
 publisher = {ACM}
}

@inproceedings{Dwyer99,
 author = {Dwyer, Matthew B. and Avrunin, George S. and Corbett, James C.},
 title = {Patterns in Property Specifications for Finite-state Verification},
 booktitle = {Int. Conf. Software Engineering (ICSE)},
 year = {1999},
 location = {Los Angeles, California, USA},
 pages = {411--420},
 numpages = {10},
 publisher = {ACM},
}

@article{Landin66,
 author = {Landin, P. J.},
 title = {The Next 700 Programming Languages},
 journal = {Commun. ACM},
 issue_date = {March 1966},
 volume = {9},
 number = {3},
 month = mar,
 year = {1966},
 pages = {157--166},
 numpages = {10},
}

@inproceedings{apker2016,
author = {Apker, Thomas B. and Johnson, Benjamin and Humphrey, Laura R.},
title = {{LTL} Templates for Play-Calling Supervisory Control},
booktitle = {AIAA Infotech@Aerospace},
year = {2016},
publisher = {AIAA}
}

@inproceedings{kress2007s,
title={Where's {W}aldo? {S}ensor-based temporal logic motion planning},
author={Kress-Gazit, Hadas and Fainekos, Georgios E and Pappas, George J},
booktitle={IEEE Int. Conf. Robotics and Automation (ICRA)},
pages={3116--3121},
year={2007},
organization={IEEE}
}

@article{bloem2012,
title={Synthesis of {R}eactive(1) designs},
author={Bloem, R. and Jobstmann, B. and Piterman, N. and Pnueli, A. and S. Yaniv},
journal={J. Computer and System Sciences},
volume={78},
number={3},
pages={911--938},
year={2012}
}

@inproceedings{wang2013automated,
  title={Automated synthesis of reactive controllers for software-defined networks},
  author={Wang, Anduo and Moarref, Salar and Loo, Boon Thau and Topcu, Ufuk and Scedrov, Andre},
  booktitle={IEEE Int. Conf. Network Protocols (ICNP)},
  pages={1--6},
  year={2013},
  organization={IEEE}
}

@inproceedings{ehlers2012symbolically,
  title={Symbolically synthesizing small circuits},
  author={Ehlers, R{\"u}diger and K{\"o}nighofer, Robert and Hofferek, Georg},
  booktitle={IEEE Formal Methods in Computer-Aided Design (FMCAD)},
  pages={91--100},
  year={2012},
  organization={IEEE}
}

@inproceedings{xu2012case,
  title={A case study on reactive protocols for aircraft electric power distribution},
  author={Xu, Huan and Topcu, Ufuk and Murray, Richard M},
  booktitle={IEEE Conf. Decision and Control (CDC)},
  pages={1124--1129},
  year={2012},
  organization={IEEE}
}

@article{fainekos2009temporal,
  title={Temporal logic motion planning for dynamic robots},
  author={Fainekos, Georgios E and Girard, Antoine and Kress-Gazit, Hadas and Pappas, George J},
  journal={Automatica},
  volume={45},
  number={2},
  pages={343--352},
  year={2009},
  publisher={Elsevier}
}

@inproceedings{klein2009sel4,
  title={seL4: Formal verification of an {OS} kernel},
  author={Klein, Gerwin and Elphinstone, Kevin and Heiser, Gernot and Andronick, June and Cock, David and Derrin, Philip and Elkaduwe, Dhammika and Engelhardt, Kai and Kolanski, Rafal and Norrish, Michael and others},
  booktitle={ACM SIGOPS 22nd Symp. on Operating systems principles},
  pages={207--220},
  year={2009},
  organization={ACM}
}

@book{mccormick2015building,
  title={Building high integrity applications with SPARK},
  author={McCormick, John W and Chapin, Peter C},
  year={2015},
  publisher={Cambridge University Press}
}